@article{khder2021web,
  title   = {Web scraping or web crawling: State of art, techniques, approaches and application.},
  author  = {Khder, Moaiad Ahmad},
  journal = {International Journal of Advances in Soft Computing \& Its Applications},
  volume  = {13},
  number  = {3},
  year    = {2021}
}